----------------------------------------------------------
    This is the .bib file of

        Xiong Xiao,

        PhD Candidate (2004-2008)
        School of Computer Engineering,
        Nanyang Technological University,
        Nanyang Avenue, Singapore 639798
        email: xiao0007@ntu.edu.sg

    The scope of this .bib file is automatic speech recognition,
    with focus on robust speech recognition technologies.

    Created: 1 Oct, 2006
    Last Updated: 2 Oct, 2006
-----------------------------------------------------------

-----------------------------------------------------------
------------------ Macro for Journals ---------------------
-----------------------------------------------------------

1) IEEE Journals

1966-1973

@STRING{tae     = {{IEEE} Transactions on Audio and Electroacoustics} }

1974-1990

@STRING{tassp   = {{IEEE} Trans. Acoustics, Speech and Signal Processing} }

1991-current

@STRING{tsp     = {{IEEE} Trans. Signal Processing} }

1993 - 2005

@STRING{tsap    = {{IEEE} Trans. Speech and Audio Processing}}

2006 - current

@STRING{taslp   = {{IEEE} Trans. Audio, Speech, and Language Processing}}

1984 - 1990

@STRING{asspm  = {{IEEE} ASSP Magazine}

1991 - current

@STRING{spm    = {{IEEE} Signal Processing magazine}

1994 - current

@STRING{spl    = {{IEEE} Signal Processing letters}

@STRING{tpami   = {{IEEE} Trans. Pattern Analysis and Machine Intelligence }}

@STRING{pieee   = {Proc. {IEEE}}}

@STRING{tit     = {{IEEE} Transactions on Information Theory}}


2) Non-IEEE Journals


@STRING{sc  = {Speech Communication} }

@STRING{sp  = {Signal Processing} }

@STRING{jasa    = "Journal of the Acoustical Society of America" }

@STRING{csl = "Computer Speech and Language" }

@STRING{eurasip_jasp = {EURASIP Journal on Applied Signal Processing}}


-------------------------------------------------------
----------- Macro for Conferences ---------------------
-------------------------------------------------------


1) ICASSP

@STRING{icassp  = "Proc. Intl. Conf. on Acoustics, Speech, and Signal Processing" }

@STRING{icassp77= {Proc. ICASSP '77} }

@STRING{icassp77addr={New York, NY} }

@STRING{icassp77month={} }

@STRING{icassp79= {Proc. ICASSP '79} }

@STRING{icassp79addr={Washington, USA} }

@STRING{icassp79month={Apr.} }

@STRING{icassp80= {Proc. ICASSP '80}}

@STRING{icassp80addr={} }

@STRING{icassp80month={} }

@STRING{icassp81= {Proc. ICASSP '81} }

@STRING{icassp81addr={} }

@STRING{icassp81month={} }

@STRING{icassp82= {Proc. ICASSP '82} }

@STRING{icassp82addr={New York, NY} }

@STRING{icassp82month={} }

@STRING{icassp83= {Proc. ICASSP '83} }

@STRING{icassp83addr={Boston, MA} }

@STRING{icassp83month={} }

@STRING{icassp84= {Proc. ICASSP '84} }

@STRING{icassp84addr={} }

@STRING{icassp84month={} }

@STRING{icassp85= {Proc. ICASSP '85} }

@STRING{icassp85addr={Tampa, FL} }

@STRING{icassp85month=mar }

@STRING{icassp86= {Proc. ICASSP '86} }

@STRING{icassp86addr={Tokyo, Japan} }

@STRING{icassp86month=apr }

@STRING{icassp87= {Proc. ICASSP '87} }

@STRING{icassp87addr={Dallas, TX} }

@STRING{icassp87month=apr }

@STRING{icassp88= {Proc. ICASSP '88} }

@STRING{icassp88addr={New York, NY} }

@STRING{icassp88month={} }

@STRING{icassp89= {Proc. ICASSP '89} }

@STRING{icassp89addr={Glasgow, Scotland} }

@STRING{icassp89month=may }

@STRING{icassp90= {Proc. ICASSP '90} }

@STRING{icassp90addr={Alburquerque, NM} }

@STRING{icassp90month=apr}

@STRING{icassp91= {Proc. ICASSP '91} }

@STRING{icassp91addr={Toronto, Canada} }

@STRING{icassp91month=may }

@STRING{icassp92= {Proc. ICASSP '92} }

@STRING{icassp92addr={San Francisco, CA} }

@STRING{icassp92month=mar }

@STRING{icassp93= {Proc. ICASSP '93} }

@STRING{icassp93addr={Minneapolis, MN} }

@STRING{icassp93month=apr }

@STRING{icassp94= {Proc. ICASSP '94} }

@STRING{icassp94addr={Adelaide, Austrailia} }

@STRING{icassp94month=apr }

@STRING{icassp95= {Proc. ICASSP '95} }

@STRING{icassp95addr={Detroit, MI} }

@STRING{icassp95month=may }

@STRING{icassp96= {Proc. ICASSP '96} }

@STRING{icassp96addr={Atlanta, GA} }

@STRING{icassp96month=may }

@STRING{icassp97= {Proc. ICASSP '97} }

@STRING{icassp97addr={Munich, Germany} }

@STRING{icassp97month=apr }

@STRING{icassp98= {Proc. ICASSP '98} }

@STRING{icassp98addr={Seattle, WA} }

@STRING{icassp98month=may }

@STRING{icassp99= {Proc. ICASSP '99} }

@STRING{icassp99addr={Phoenix, AZ} }

@STRING{icassp99month=mar }

@STRING{icassp00= {Proc. ICASSP '00} }

@STRING{icassp00addr={Istanbul, Turkey} }

@STRING{icassp00month=jun}

@STRING{icassp01= {Proc. ICASSP '01} }

@STRING{icassp01addr={Salt Lake City, USA} }

@STRING{icassp01month=may }

@STRING{icassp02= {Proc. ICASSP '02} }

@STRING{icassp02addr={Orlando, USA} }

@STRING{icassp02month=may }

@STRING{icassp03= {Proc. ICASSP '03} }

@STRING{icassp03addr={Hong Kong, China} }

@STRING{icassp03month=apr }

@STRING{icassp04= {Proc. ICASSP '04} }

@STRING{icassp04addr={Montreal, Canada} }

@STRING{icassp04month=may }

@STRING{icassp05= {Proc. ICASSP '05} }

@STRING{icassp05addr={Philadelphia, USA} }

@STRING{icassp05month=mar }

@STRING{icassp06= {Proc. ICASSP '06} }

@STRING{icassp06addr={Toulouse, France} }

@STRING{icassp06month=may}

@STRING{icassp07= {Proc. ICASSP '07} }

@STRING{icassp07addr={Honolulu, USA} }

@STRING{icassp07month=may}

2) ICSLP

@STRING{icslp   = "Proc. Intl. Conf. on Spoken Language Processing"}

@STRING{icslp90 = {Proc. ICSLP '90} }

@STRING{icslp90addr={Kobe, Japan} }

@STRING{icslp90month=nov }

@STRING{icslp92 = {Proc. ICSLP '92} }

@STRING{icslp92addr={Banff, Canada} }

@STRING{icslp92month=oct }

@STRING{icslp94 = {Proc. ICSLP '94} }

@STRING{icslp94addr={Yokohama, Japan} }

@STRING{icslp94month=sep }

@STRING{icslp96 = {Proc. ICSLP '96} }

@STRING{icslp96addr={Philadelphia, USA} }

@STRING{icslp96month=oct }

@STRING{icslp98 = {Proc. ICSLP '98} }

@STRING{icslp98addr={Sydney, Australia} }

@STRING{icslp98month=nov }

@STRING{icslp00 = {Proc. ICSLP '00} }

@STRING{icslp00addr={Beijing, China} }

@STRING{icslp00month=oct }

@STRING{icslp02 = {Proc. ICSLP '02} }

@STRING{icslp02addr={Denver, USA} }

@STRING{icslp02month=sep }

@STRING{icslp04 = {Proc. ICSLP '04} }

@STRING{icslp04addr={Jeju, South Korea} }

@STRING{icslp04month=oct }

@STRING{icslp06 = {Proc. INTERSPEECH '06} }

@STRING{icslp06addr={Pittsburgh, USA} }

@STRING{icslp06month=sep }



3) Eurospeech

@STRING{eurospeech={Proc.\ European Conference on Speech Communication and
          Technology} }

@STRING{euro89  = {Proc. Eurospeech '89} }

@STRING{euro89addr={Paris, France} }

@STRING{euro89month=sep }

@STRING{euro91  = {Proc. Eurospeech '91} }

@STRING{euro91addr={Genova, Italy} }

@STRING{euro91month={sep} }

@STRING{euro93  = {Proc. Eurospeech '93} }

@STRING{euro93addr={Berlin, Germany} }

@STRING{euro93month=sep }

@STRING{euro95  = {Proc. Eurospeech '95} }

@STRING{euro95addr={Madrid, Spain} }

@STRING{euro95month=sep }

@STRING{euro97  = {Proc. Eurospeech '97} }

@STRING{euro97addr={Rhodes, Greece} }

@STRING{euro97month=sep }

@STRING{euro99  = {Proc. Eurospeech '99} }

@STRING{euro99addr={Budapest, Hungary} }

@STRING{euro99month=sep }

@STRING{euro01  = {Proc. Eurospeech '01} }

@STRING{euro01addr={Aalborg, Denmark} }

@STRING{euro01month=sep }

@STRING{euro03  = {Proc. Eurospeech '03} }

@STRING{euro03addr={Geneva, Switzerland} }

@STRING{euro03month=sep }

@STRING{euro05  = {Proc. Eurospeech '05} }

@STRING{euro05addr={Lisbon, Portugal} }

@STRING{euro05month=sep }

@STRING{euro07  = {Proc. Eurospeech '07} }

@STRING{euro07addr={Antwerp, Belgium} }

@STRING{euro07month=sep }



4) InterSpeech

5) Misc

@STRING{asru_full = {Proc. IEEE Automatic Speech Recognition and Understanding workshop}}

@STRING{asru_short = {Proc. ASRU}}

@STRING{asru95 = "Proc. ASRU '95" }

@STRING{asru95addr={Snowbird, USA} }

@STRING{asru95month={Dec} }

@STRING{asru97 = "Proc. ASRU '97"}

@STRING{asru97addr={Santa Barbara, USA} }

@STRING{asru97month={Dec} }

@STRING{asru00 = "Proc. ASRU '00" }

@STRING{asru03 = "Proc. ASRU '03" }

@STRING{asru03month = "Nov."}

@STRING{asru03addr = "St. Thomas, USVI"}

@STRING{sltw94  = {Proc. Spoken Language Systems Technology Workshop '94} }

@STRING{sltw94addr={Plainsboro, NJ} }

@STRING{sltw94month={Mar} }

@STRING{sltw95  = {Proc. ARPA Spoken Language Systems Technology Workshop '95} }

@STRING{sltw95addr={Austin, TX} }

@STRING{sltw95month={Jan} }



@STRING{hltw92  = {Proc. ARPA Human Language Technology Workshop '92} }

@STRING{hltw92addr={Plainsboro, NJ} }

@STRING{hltw92month=mar }

@STRING{hltw93  = {Proc. ARPA Human Language Technology Workshop '93} }

@STRING{hltw93addr={Princeton, NJ} }

@STRING{hltw93month=mar }

@STRING{hltw93note={distributed as {\em Human Language Technology} by San
          Mateo, CA: Morgan Kaufmann Publishers} }

@STRING{hltw94  = {Proc. ARPA Human Language Technology Workshop '94} }

@STRING{hltw94addr={Princeton, NJ, USA} }

@STRING{hltw94month=mar }

@STRING{hltw97  = {Proc. DARPA Speech Recognition Workshop '97} }

@STRING{hltw97addr={Chantilly, VA, USA}}

@STRING{hltw97month=feb }


---------------------------------------------------------
----------- Macro for Organizations ---------------------
---------------------------------------------------------

@STRING{cued    = "Cambridge University Engineering Department" }

@STRING{miteecs = {Department of Electrical Engineering and Computer Science,
          Massachusetts Institute of Technology} }

@STRING{cmuece = "ECE, Carnegie Mellon University"}
